@inproceedings{maclachlan2022genetic,
  title={Genetic Programming for Vehicle Subset Selection in Ambulance Dispatching},
  author={MacLachlan, Jordan and Mei, Yi and Zhang, Fangfang and Zhang, Mengjie},
  booktitle={2022 IEEE Congress on Evolutionary Computation (CEC)},
  pages={1--8},
  year={2022},
  organization={IEEE}
}

@incollection{blockeel2011hypothesis,
  title={Hypothesis Space},
  author={Blockeel, Hendrik},
  booktitle={Encyclopedia of Machine Learning},
  editor={Sammut, Claude and Webb, Geoffrey I.},
  year={2011},
  publisher={Springer},
  address={Boston, MA},
  doi={10.1007/978-0-387-30164-8_373}
}

@misc{optuna,
  title = {Optuna: A hyperparameter optimization framework},
  author = {{Optuna Development Team}},
  howpublished = {\url{https://optuna.org/}},
  year = {Accessed May 12, 2023}
}

@misc{wiki:diminishing-returns,
  title = {Diminishing Returns},
  author = {{Wikipedia contributors}},
  url = {https://en.wikipedia.org/wiki/Diminishing_returns},
  note = {[Online; accessed 15-May-2023]},
  year = {2023}
}